@misc {
    openMP,
    howpublished = "\url{https://www.openmp.org/}"
}
@misc {
    omp_reduce,
    howpublished = "\url{https://www.openmp.org/spec-html/5.0/openmpsu107.html}"
}
@misc {
    mpi,
    howpublished = "\url{https://www.open-mpi.org/doc/}"
}
@misc {
    mpi_bcast,
    howpublished = "\url{https://www.open-mpi.org/doc/v4.1/man3/MPI_Bcast.3.php}"
}
@misc {
    mpi_send,
    howpublished = "\url{https://www-lb.open-mpi.org/doc/v4.1/man3/MPI_Send.3.php}"
}
@misc {
    mpi_recv,
    howpublished = "\url{https://www-lb.open-mpi.org/doc/v4.1/man3/MPI_Send.3.php}"
}
@misc {
    mpi_reduce,
    howpublished = "\url{https://www.open-mpi.org/doc/v4.1/man3/MPI_Reduce.3.php}"
}